@book{book:204958,
   title =     {Design Patterns: Elements of Reusable Object-Oriented Software},
   author =    {Erich Gamma, Richard Helm, Ralph Johnson, John M. Vlissides},
   publisher = {Addison-Wesley},
   isbn =      {9780201633610,0201633612},
   year =      {1994},
   series =    {},
   edition =   {illustrated edition},
   volume =    {},
   url =       {http://gen.lib.rus.ec/book/index.php?md5=4963a7703acf363425e8099d6b12d2dc}
}

@book{book:55594,
   title =     {Head First Design Patterns},
   author =    {Elisabeth Freeman, Eric Freeman, Bert Bates, Kathy Sierra},
   publisher = {O'Reilly Media},
   isbn =      {9780596007126,0596007124},
   year =      {2004},
   series =    {},
   edition =   {1},
   volume =    {},
   url =       {http://gen.lib.rus.ec/book/index.php?md5=5e4ae46582d52f32f692b55e811f2459}
}

@misc{refactoringGuruFacade,
  author    = {Alexander Shvets},
  title     = {Facade - Design Patterns},
  year      = {2023},
  howpublished = {\url{https://refactoring.guru/design-patterns/facade}}
}

@misc{wikipediaAdapter,
  author       = {{Wikipedia English}},
  title        = {Adapter pattern - Wikipedia{,} The Free Encyclopedia},
  year         = {2024},
  howpublished = {\url{https://en.wikipedia.org/wiki/Adapter_pattern}},
}

@misc{mdnMVC,
  author       = {{MDN Web Docs}},
  title        = {MVC (Model-View-Controller)},
  year         = {2024},
  howpublished = {\url{https://developer.mozilla.org/en-US/docs/Glossary/MVC}},
  note         = {Accessed: 2025-03-11}
}
